<?xml version="1.0" encoding="UTF-8"?><collection xmlns="http://www.loc.gov/MARC21/slim"><record><leader>00297nam--2200121-i-4500</leader><controlfield tag="001">000004051</controlfield><controlfield tag="002">20161230</controlfield><controlfield tag="005">20161230201025</controlfield><controlfield tag="008">060222s1000------------r-----000-0-eng-d</controlfield><datafield ind1=" " ind2=" " tag="100"><subfield code="a">Dick, William</subfield></datafield><datafield ind1=" " ind2=" " tag="245"><subfield code="a">Atomic energy in agriculture</subfield></datafield><datafield ind1=" " ind2=" " tag="260"><subfield code="a">London, Butterworths, 1957</subfield></datafield><datafield ind1=" " ind2=" " tag="490"><subfield code="a">X+150p.+iv Pl</subfield></datafield></record></collection>